<?xml version="1.0" encoding="UTF-8"?><collection xmlns="http://www.loc.gov/MARC21/slim"><record><leader>00740nam--2200205-u-4500</leader><controlfield tag="001">000052818</controlfield><controlfield tag="002">20161230</controlfield><controlfield tag="005">20161230201050</controlfield><controlfield tag="008">101122s1000------------r-----000-0-eng-d</controlfield><datafield ind1=" " ind2=" " tag="020"><subfield code="a">9788874380541</subfield></datafield><datafield ind1=" " ind2=" " tag="040"><subfield code="a">IFIN-HH</subfield></datafield><datafield ind1=" " ind2=" " tag="080"><subfield code="a">539.14{063)</subfield></datafield><datafield ind1="1" ind2=" " tag="100"><subfield code="a">Frankland, J.D</subfield></datafield><datafield ind1="1" ind2="0" tag="245"><subfield code="a">Proceedings of the iwm2009 international workshop on multifragmentation and related topics</subfield><subfield code="b">Catania (italy), 4-7 november 2009. organized by chimera and indra collaborations</subfield><subfield code="c">J.d. frankland; a. pagano; s. pirrone; m.-f. rivel; f. rizzo</subfield></datafield><datafield ind1=" " ind2=" " tag="260"><subfield code="a">Bologna</subfield><subfield code="b">Societa Italiana Di Fisica</subfield><subfield code="c">2010</subfield></datafield><datafield ind1=" " ind2=" " tag="300"><subfield code="a">325 P</subfield></datafield><datafield ind1=" " ind2=" " tag="490"><subfield code="a">Conference Proceedings</subfield><subfield code="v">Vol. 101</subfield></datafield><datafield ind1="1" ind2=" " tag="700"><subfield code="a">Rizzo, F</subfield><subfield code="e">Ed</subfield></datafield><datafield ind1=" " ind2=" " tag="852"><subfield code="a">76826</subfield><subfield code="c">539.14</subfield></datafield><datafield ind1=" " ind2=" " tag="CAT"><subfield code="a">Sys</subfield><subfield code="c">20110118</subfield><subfield code="h">113731</subfield></datafield></record></collection>